 @article{Muanjai2020knee, 
  title={Low frequency fatigue and changes in muscle fascicle length following
  eccentric exercise of the knee extensors}, 
  volume={105}, DOI={10.1113/ep088237}
  number={3}, 
  journal={Experimental Physiology}, 
  author={Muanjai, Pornpimol and
  Mickevicius, Mantas and Sniečkus, Audrius and Sipavičienė, Saulė and Satkunskiene,
  Danguole and Kamandulis, Sigitas and Jones, David A.}, 
  year={2020}, 
  month={Jan},
  pages={502–510}} 
  
@{}