@article{patil2017insight,
  title={Insight into wing venation in butterflies belonging to families Papilionidae, Nymphalidae and Pieridae from Dang Dist Gujarat, India},
  author={Patil, Sonal and Magdum, Sujata},
  journal={J. Entomol. Zool. Stud.},
  volume={5},
  pages={1596--1607},
  year={2017}
}

@article{Owens2020comparative,
    author = {Owens, H L and Lewis, D S and Condamine, F L and Kawahara, A Y and Guralnick, R P},
    title = "{Comparative Phylogenetics of Papilio Butterfly Wing Shape and Size Demonstrates Independent Hindwing and Forewing Evolution}",
    journal = {Systematic Biology},
    volume = {69},
    number = {5},
    pages = {813-819},
    year = {2020},
    month = {04},
    issn = {1063-5157},
    doi = {10.1093/sysbio/syaa029},
}

@article{Strauss1990patterns,
author = {Strauss, Richard E.},
title = {PATTERNS OF QUANTITATIVE VARIATION IN LEPIDOPTERAN WING MORPHOLOGY: THE CONVERGENT GROUPS HELICONIINAE AND ITHOMIINAE (PAPILIONOIDEA: NYMPHALIDAE)},
journal = {Evolution},
volume = {44},
number = {1},
pages = {86-103},
doi = {https://doi.org/10.1111/j.1558-5646.1990.tb04281.x},
year = {1990}
}

@article{kawahara2019phylogenomics,
  title={Phylogenomics reveals the evolutionary timing and pattern of butterflies and moths},
  author={Kawahara, Akito Y and Plotkin, David and Espeland, Marianne and Meusemann, Karen and Toussaint, Emmanuel FA and Donath, Alexander and Gimnich, France and Frandsen, Paul B and Zwick, Andreas and Dos Reis, Mario and others},
  journal={Proceedings of the National Academy of Sciences},
  volume={116},
  number={45},
  pages={22657--22663},
  year={2019},
  publisher={National Acad Sciences}
}