@article{hagey2017there,
  title={Human thermoregulation and measurement of body temperature in exercise and clinical settings},
  author={Lim, Chin Leong and Byrne, Chris and Lee, Jason KW},
  journal={Annals Academy of Medicine Singapore},
  volume={37},
  number={4},
  pages={347},
  year={2008},
  publisher={Citeseer}
}

@inproceedings{neves2015different,
  title={Different responses of the skin temperature to physical exercise: Systematic review},
  author={Neves, Eduardo B and Vila{\c{c}}a-Alves, Jos{\'e} and Antunes, Natacha and Felisberto, Ivo MV and Rosa, Claudio and Reis, Victor M},
  booktitle={2015 37th Annual International Conference of the IEEE Engineering in Medicine and Biology Society (EMBC)},
  pages={1307--1310},
  year={2015},
  organization={IEEE}
}