@article{kawahara2019phylogenomics,
  title={Phylogenomics reveals the evolutionary timing and pattern of butterflies and moths},
  author={Kawahara, Akito Y and Plotkin, David and Espeland, Marianne and Meusemann, Karen and Toussaint, Emmanuel FA and Donath, Alexander and Gimnich, France and Frandsen, Paul B and Zwick, Andreas and Dos Reis, Mario and others},
  journal={Proceedings of the National Academy of Sciences},
  volume={116},
  number={45},
  pages={22657--22663},
  year={2019},
  publisher={National Acad Sciences}
}


@article{hassall2015strong,
  title={Strong geographical variation in wing aspect ratio of a damselfly, Calopteryx maculata (Odonata: Zygoptera)},
  author={Hassall, Christopher},
  journal={PeerJ},
  volume={3},
  pages={e1219},
  year={2015},
  publisher={PeerJ Inc.}
}

@article{betts1988wing,
  title={Wing shape and flight behaviour in butterflies (Lepidoptera: Papilionoidea and Hesperioidea): a preliminary analysis},
  author={Betts, CR and Wootton, RJ},
  journal={Journal of experimental biology},
  volume={138},
  number={1},
  pages={271--288},
  year={1988},
  publisher={Company of Biologists The Company of Biologists, Bidder Building, 140 Cowley~…}
}

@article{stylman2019nymph,
    author = {Stylman, Marc and Penz, Carla M and DeVries, Phil},
    title = "{Large Hind Wings Enhance Gliding Performance in Ground Effect in a Neotropical Butterfly (Lepidoptera: Nymphalidae)}",
    journal = {Annals of the Entomological Society of America},
    volume = {113},
    number = {1},
    pages = {15-22},
    year = {2019},
    month = {08},
    issn = {0013-8746},
    doi = {10.1093/aesa/saz042},
    url = {https://doi.org/10.1093/aesa/saz042},
    eprint = {https://academic.oup.com/aesa/article-pdf/113/1/15/31809007/saz042.pdf},
}

@article{jantzen2008hind,
  author = {Jantzen, Benjamin and Eisner, Thomas},
  title = {Hindwings are unnecessary for flight but essential for execution of normal evasive flight in Lepidoptera},
  journal = {Proceedings of the National Academy of Sciences},
  volume = {105},
  number = {43},
  pages = {16636-16640},
  year = {2008},
  doi = {10.1073/pnas.0807223105},
  URL = {https://www.pnas.org/doi/abs/10.1073/pnas.0807223105},
  eprint = {https://www.pnas.org/doi/pdf/10.1073/pnas.0807223105},
}

@inbook{nieuk2011lep,
  author = {Nieukerken, E.J. and Kaila, Lauri and Kitching, Ian and Kristensen, N.P. and Lees, David and Minet, J. and Mitter, Charles and Mutanen, Marko and Regier, J.C. and Simonsen, Thomas and Wahlberg, Niklas and Yen, Shen-Horn and Zahiri, Reza and Adamski, D. and Baixeras, Joaquin and Bartsch, Daniel and Bengtsson, B.Å and Brown, J.W. and Bucheli, Sibyl and Zwick, A.},
  year = {2011},
  month = {12},
  pages = {212–221},
  title = {Order Lepidoptera Linnaeus, 1758. An outline of higher classification and survey of taxonomic richness},
  volume = {3148},
  journal = {Zootaxa}
}

@article{mitter2017lep, 
  author={Mitter, Charles and Davis, Donald R. and Cummings, Michael P.},
  title={Phylogeny and evolution of Lepidoptera}, 
  volume={62}, 
  DOI={10.1146/annurev-ento-031616-035125}, 
  number={1}, 
  journal={Annual Review of Entomology}, 
  year={2017}, 
  pages={265–283}} 
  
 @article{mullen2019med, 
  title={Moths and butterflies (Lepidoptera)}, 
    author={Mullen, Gary R. and Zaspel, Jennifer M.},
    DOI={10.1016/b978-0-12-814043-7.00021-2}, 
    journal={Medical and Veterinary Entomology}, 
    year={2019}, 
    pages={439–458}
    } 
  
@article{cespedes2015rain,
  title={Cruising the rain forest floor: butterfly wing shape evolution and gliding in ground effect}, 
  author={Cespedes, Ann and Penz, Carla M. and DeVries, Philip J.},
  volume={84}, 
  DOI={10.1111/1365-2656.12325}, 
  number={3}, 
  journal={Journal of Animal Ecology},
  year={2015}, 
  pages={808–816}} 
  
